@book{harchol,
  title={Performance Modeling and Design of Computer Systems: Queueing Theory in Action},
  author={M. Harchol-Balter},
  year={2013},
  publisher={Cambridge University Press}
}

@book{mitrani,
  title={Queueing networks},
  author={Isi Mitrani},
  year={1997},
  publisher={Cambridge University Press}
}

@misc{damian,
  title={High Level Queuing Architecture Model for High-end Processors},
  author={Dami\'an Roca Mar\'{i}},
  year={2014}
}
